@inproceedings{checkpointfs,
 author = {Rajachandrasekar, Raghunath and Moody, Adam and Mohror, Kathryn and Panda, Dhabaleswar K. (DK)},
 title = {A 1 PB/s File System to Checkpoint Three Million MPI Tasks},
 booktitle = {Proceedings of the 22Nd International Symposium on High-performance Parallel and Distributed Computing},
 series = {HPDC '13},
 year = {2013},
 isbn = {978-1-4503-1910-2},
 location = {New York, New York, USA},
 pages = {143--154},
 numpages = {12},
 url = {http://doi.acm.org/10.1145/2462902.2462908},
 doi = {10.1145/2462902.2462908},
 acmid = {2462908},
 publisher = {ACM},
 address = {New York, NY, USA},
 keywords = {HPC, RDMA, SSD, fault-tolerance, file systems, multilevel checkpointing, persistent- memory},
} 

@inproceedings{atchley11:cci,
    author = {Scott Atchley and David Dillow and Galen Shipman and Patrick Geoffray and Jeffrey M. Squyres and George Bosilca and Ronald Minnich},
    title = {The Common Communication Interface ({CCI})},
    booktitle = {19th Annual IEEE Symposium on High-Performance Interconnects},
    month = {August},
    year = {2011},
}


@misc{ac_guide,
 author = {},
 title = {Accelerated Computing Guide},
 howpublished = {\url{https://www.olcf.ornl.gov/support/system-user-guides/accelerated-computing-guide/\#2981}},
 }

@misc{summit_page,
 author = {},
 title = {Summit},
 howpublished = {\url{https://www.olcf.ornl.gov/summit}},
 }

@misc{cuda_pinned_memory,
 author = {},
 title = {How to Optimize Data Transfers in CUDA C/C++},
 howpublished = {\url{http://devblogs.nvidia.com/parallelforall/how-optimize-data-transfers-cuda-cc/}},
}

@inproceedings{Silberstein:2013:GIF:2451116.2451169,
 author = {Silberstein, Mark and Ford, Bryan and Keidar, Idit and Witchel, Emmett},
 title = {GPUfs: Integrating a File System with GPUs},
 booktitle = {Proceedings of the Eighteenth International Conference on Architectural Support for Programming Languages and Operating Systems},
 series = {ASPLOS '13},
 year = {2013},
 isbn = {978-1-4503-1870-9},
 location = {Houston, Texas, USA},
 pages = {485--498},
 numpages = {14},
 url = {http://doi.acm.org/10.1145/2451116.2451169},
 doi = {10.1145/2451116.2451169},
 acmid = {2451169},
 publisher = {ACM},
 address = {New York, NY, USA},
 keywords = {accelerators, file systems, gpgpus, operating systems design},
} 

@inproceedings{Li:2010:FPO:1884643.1884686,
 author = {Li, Min and Vazhkudai, Sudharshan S. and Butt, Ali R. and Meng, Fei and Ma, Xiaosong and Kim, Youngjae and Engelmann, Christian and Shipman, Galen},
 title = {Functional Partitioning to Optimize End-to-End Performance on Many-core Architectures},
 booktitle = {Proceedings of the 2010 ACM/IEEE International Conference for High Performance Computing, Networking, Storage and Analysis},
 series = {SC '10},
 year = {2010},
 isbn = {978-1-4244-7559-9},
 pages = {1--12},
 numpages = {12},
 url = {http://dx.doi.org/10.1109/SC.2010.28},
 doi = {10.1109/SC.2010.28},
 acmid = {1884686},
 publisher = {IEEE Computer Society},
 address = {Washington, DC, USA},
} 

@techreport{oareport,
 title={High Performance Computing Facility Operational Assessment, 2014 Oak Ridge Leadership Computing Facility},
 author={White, Julia C},
 year={2015},
 institution={Oak Ridge National Laboratory (ORNL); Center for Computational Sciences},
 url={http://info.ornl.gov/sites/publications/Files/Pub54966.pdf}
}
%This URL currently gives a 404 error.  Julia is checking into it.


@techreport{mercury_posix_demo,
 title={Milestone 6.1: POSIX Function Shipping Demonstration},
 author={Soumagne, Jerome and Koziol, Quincey},
 year={2013},
 institution={The HDF Group},
 url={https://wiki.hpdd.intel.com/download/attachments/12127153/M6.1\_PosixFunctionShipping-Demo-v3.pdf}
}


% Nothing below this line is currently being used and is mostly just here as 
% example of how to cite different types of works







@techreport{ezell2013understanding,
      title={Understanding the Impact of Interconnect Failures on System Operation},
        author={Ezell, Matthew A},
          year={2013},
            institution={Oak Ridge National Laboratory (ORNL); Center for Computational Sciences}
}



@article{snir2014addressing,
  title={Addressing failures in exascale computing},
  author={Snir, Marc and Wisniewski, Robert W and Abraham, Jacob A and Adve, Sarita V and Bagchi, Saurabh and Balaji, Pavan and Belak, Jim and Bose, Pradip and Cappello, Franck and Carlson, Bill and others},
  journal={International Journal of High Performance Computing Applications},
  pages={1094342014522573},
  year={2014},
  publisher={SAGE Publications}
}




@misc{pm830,
 author = {},
 title = {Samsung PM830},
 howpublished = {\url{http://tinyurl.com/co9zyq7}},
 }

@misc{xiderror,
 author = {},
 title = {Understanding XID Errors},
 howpublished = {\url{http://docs.nvidia.com/deploy/xid-errors/index.html}},
 }

@misc{k20xmtbf,
 author = {},
 title = {TESLA K20 GPU ACCELERATOR, Board Specification},
 howpublished = {\url{http://www.nvidia.com/content/PDF/kepler/Tesla-K20-Passive-BD-06455-001-v07.pdf}},
 }

@article{bergman2008exascale,
  title={Exascale computing study: Technology challenges in achieving exascale systems},
  author={Bergman, Keren and Borkar, Shekhar and Campbell, Dan and Carlson, William and Dally, William and Denneau, Monty and Franzon, Paul and Harrod, William and Hill, Kerry and Hiller, Jon and others},
  journal={Defense Advanced Research Projects Agency Information Processing Techniques Office (DARPA IPTO), Tech. Rep},
  year={2008}
}


@book{EfficientC++,
 author = {Bulka,, Dov and Mayhew,, David},
 title = {Efficient C++: performance programming techniques},
 year = {2000},
 isbn = {0-201-37950-3},
 publisher = {Addison-Wesley Longman Publishing Co., Inc.},
 address = {Boston, MA, USA},
 }

@ARTICLE{Runahead, 
title="{Runahead execution: An effective alternative to large instruction windows}", 
author={Mutlu, O. and Stark, J. and Wilkerson, C. and Patt, Y.N.}, 
journal={Micro, IEEE}, 
year={2003}, 
month={Nov.-Dec.}, 
volume={23}, 
number={6}, 
pages={ 20-25}, 
keywords={ computer architecture, instruction sets, storage management DRAM memory, computer architecture, instruction windows, runahead execution}, 
doi={10.1109/MM.2003.1261383}, 
ISSN={0272-1732}, }


@misc{Nvidia2010,
title = {{NVIDIA Tesla C2050/C2075 GPU Datasheet}},
year = {2010},
}

@ARTICLE{Violante2007, 
author={Violante, M. and Sterpone, L. and Manuzzato, A. and Gerardin, S. and Rech, P. and Bagatin, M. and Paccagnella, A. and Andreani, C. and Gorini, G. and Pietropaolo, A. and Cardarilli, G. and Pontarelli, S. and Frost, C.}, 
journal={Nuclear Science, IEEE Transactions on}, 
title={{A New Hardware/Software Platform and a New 1/E Neutron Source for Soft
    Error Studies: Testing FPGAs at the ISIS Facility}}, 
year={2007}, 
volume={54}, 
number={4}, 
pages={1184-1189}, 
keywords={field programmable gate arrays;neutron sources;1/E neutron source;RAL-ISIS facility;SRAM-based FPGA;Xilinx SRAM-based FPGA;Acceleration;Circuits;Field programmable gate arrays;Hardware;Intersymbol interference;Life estimation;Neutrons;Particle beams;Single event upset;Software testing;FPGA;Single Event Upset (SEU);neutron source;radiation testing}, 
doi={10.1109/TNS.2007.902349}, 
ISSN={0018-9499},}

@article{Bailey1994,
    author = {Bailey, David and Barsck and Barton, J. T. and Browning, D. S. and Carter, R. L. and Dagum, L. and Fatoohi, R. A. and Fineberg, S. and Frederickson, P. O. and Lasinski, T. A. and Schreiber, R. S. and Simon, H. and Venkatakrishnan, V. and Weeratunga, S.},
    citeulike-article-id = {7544288},
    citeulike-linkout-0 = {http://hpc.sagepub.com/cgi/content/abstract/5/3/63},
    institution = {NASA Ames Research Center, RNR Technical Report RNR-94-007},
    journal = {NASA Ames Research Center, RNR Technical Report RNR-94-007},
    keywords = {1994, nas},
    posted-at = {2010-07-27 14:13:20},
    priority = {3},
    title = {{The NAS Parallel Benchmarks}},
    url = {http://hpc.sagepub.com/cgi/content/abstract/5/3/63},
    year = {1994}
}

@inproceedings{Stockham1966,
 author = {Stockham,Jr., Thomas G.},
 title = {{High-Speed Convolution and Correlation}},
 booktitle = {Proceedings of the April 26-28, 1966, Spring joint computer conference},
 series = {AFIPS '66 (Spring)},
 year = {1966},
 location = {Boston, Massachusetts},
 pages = {229--233},
 numpages = {5},
 url = {http://doi.acm.org/10.1145/1464182.1464209},
 doi = {10.1145/1464182.1464209},
 acmid = {1464209},
 publisher = {ACM},
 address = {New York, NY, USA},
} 

@techreport{Jedec2006,
author = {JEDEC}, 
title = {{Measurement and Reporting of Alpha Particle and Terrestrial Cosmic
    Ray-Induced Soft Errors in Semiconductor Devices}},
institution = {JEDEC Standard}, 
number = {JESD89A}, 
year = {2006},
}

@techreport{White2010,
author = {M. White}, 
title = {{Scaled CMOS Technology Reliability User Guide}},
institution = {Jet Propulsion Laboratory, NASA}, 
number = {JPL 09-33}, 
year = {2010},
}


@misc{Nvidia,
author = {NVIDIA},
title = {{Tesla C2050 Performance Benchmarks}},
}

@ARTICLE{Rech2013, 
author={Rech, P. and Aguiar, C. and Frost, C. and Carro, L.}, 
journal={Nuclear Science, IEEE Transactions on}, 
title={{An Efficient and Experimentally Tuned Software-Based Hardening
    Strategy for Matrix Multiplication on GPUs}}, 
year={2013}, 
volume={60}, 
number={4}, 
pages={2797-2804}, 
keywords={graphics processing units;matrix algebra;neutron effects;radiation hardening (electronics);GPU;fault-injection simulations;graphic processing units;matrix multiplication;multiple errors;neutron radiation;radiation-induced error distributions;software-based hardening strategy;Graphic processing unit (GPU);matrix multiplication;neutron radiation testing;software-based hardening}, 
doi={10.1109/TNS.2013.2252625}, 
ISSN={0018-9499},}

@INPROCEEDINGS{Haque2010, 
author={Haque, I.S. and Pande, V.S.}, 
booktitle={Cluster, Cloud and Grid Computing (CCGrid), 2010 10th IEEE/ACM International Conference on}, 
title={{Hard Data on Soft Errors: A Large-Scale Assessment of Real-World Error
    Rates in GPGPU}}, 
year={2010}, 
pages={691-696}, 
keywords={Distributed computing;Error analysis;Error correction;Error correction codes;Graphics;Hardware;High performance computing;Large-scale systems;Temperature control;Testing}, 
doi={10.1109/CCGRID.2010.84},}

@inproceedings{Sheaffer2007,
 author = {Sheaffer, Jeremy W. and Luebke, David P. and Skadron, Kevin},
 title = {{A Hardware Redundancy and Recovery Mechanism for Reliable
     Scientific Computation on Graphics Processors}},
 booktitle = {Proceedings of the 22nd ACM SIGGRAPH/EUROGRAPHICS symposium on Graphics hardware},
 series = {GH '07},
 year = {2007},
 isbn = {978-1-59593-625-7},
 location = {San Diego, California},
 pages = {55--64},
 numpages = {10},
 url = {http://dl.acm.org/citation.cfm?id=1280094.1280104},
 acmid = {1280104},
 publisher = {Eurographics Association},
 address = {Aire-la-Ville, Switzerland, Switzerland},
} 

% note = "http://www.top500.org",
year={Last visited January 2013}
@misc{Dongarra2013,
title={{TOP500 Supercomputer Sites: November 2013}},
author={Dongarra, J.J. and Meuer, H.W. and Strohmaier, E.},
year={2013},
url={http://www.top500.org},
}

@misc{ncap,
    title={{Euro NCAP Rating Review, Report from the Ratings Group}},
    author={European New Car Assessment Programme},
    year={2012},
    month={June},
    url={http://www.euroncap.com},
}

@misc{corot,
    title={{ESA COROT Mission Documentation}},
    author={European Space Agency},
    year={2014},
    url={www.esa.int/Our_Activities/Space_Science/COROT},
}

@misc{aramis,
    title={{aramis: Project Overview}},
    author={Jurgen Becker and Oliver Sander},
    year={2013},
    url={http://www.across-project.eu/workshop2013/121108_ARAMIS_Introduction_HiPEAC_WS_V3.pdf},
}

@ARTICLE{Breuer2004,
author={Breuer, M.A. and Gupta, S.K. and Mak, T. M.},
journal={Design Test of Computers, IEEE},
title={Defect and error tolerance in the presence of massive numbers of defects},
year={2004},
month={May},
volume={21},
number={3},
pages={216-227},
doi={10.1109/MDT.2004.8},
ISSN={0740-7475},
}

@article{Pilla2013,
author={Pilla, L.L. and Rech, P. and Silvestri, F. and Frost, C. and Navaux, P.O.A. and Reorda, M.S. and Carro, L.},
journal={Nuclear Science, IEEE Transactions on},
title={Software-Based Hardening Strategies for Neutron Sensitive FFT Algorithms on GPUs},
year={2014},
month={},
volume={PP},
number={99},
pages={1-7},
keywords={Error correction code (ECC);fast fourier transform (FFT);graphics processing unit (GPU);neutron sensitivity;software-based hardening strategies},
doi={10.1109/TNS.2014.2301768},
ISSN={0018-9499},
}

@article{Debardeleben2013,
author = "Nathan DeBardeleben and Sean Blanchard and Laura Monroe and Phil Romero and Daryl Grunau and Craig Idler and Cornwell Wright",
journal = "6th Workshop on Resiliency in High Performance Computing (Resilience) in Clusters, Clouds, and Grids in conjunction with the 19th International European Conference on Parallel and Distributed Computing (Euro-Par 2013), Aachen, Germany, ",
month = "August 26-30",
title = "{GPU} {B}ehavior on a {L}arge {HPC} {C}luster",
year = "2013",
}

@INPROCEEDINGS{Fang2012,
author={Fang, Bo and Wei, Jiesheng and Pattabiraman, Karthik and Ripeanu, Matei},
booktitle={High Performance Computing, Networking, Storage and Analysis (SCC), 2012 SC Companion:},
title={Poster: Evaluating Error Resiliency of GPGPU Applications},
year={2012},
month={Nov},
pages={1504-1504},
doi={10.1109/SC.Companion.2012.289},
}

@inproceedings{Fang2014,
   title={GPU-Qin: A Methodology for Evaluating the Error Resilience of GPGPU Applications},
   author={Fang, Bo and Pattabiraman, Karthik and Ripeanu, Matei and Gurumurthi, Sudhanva},
   year={2014},
   journal={To appear in the Proceedings of the IEEE International Symposium
       on Performance Analysis of Systems and Software (ISPASS)},

}

@INPROCEEDINGS{Oliveira2014,
author={Oliveira, D. A. G. and Rech, P. and Pilla, L. L. and Navaux, P. O. A. and Carro, L.},
booktitle={International Symposium on Defect and Fault Tolerance in VLSI and Nanotechnology Systems (DFT 2014)},
title={GPGPUs ECC Efficiency and Efficacy},
year={2014},
}

@ARTICLE{Sabena2014,
	title={Evaluating the radiation sensitivity of GPGPU caches: New algorithms and experimental results},
	author={D. Sabena, M. Sonza Reorda, L. Sterpone, P. Rech, and L. Carro},
	year={2014},
	doi={10.1016/j.microrel.2014.05.001},
	journal={Microelectronics Reliability},
}

@ARTICLE{Rech2013_Threads,
author={Rech, P. and Fairbanks, T.D. and Quinn, H.M. and Carro, L.},
journal={Nuclear Science, IEEE Transactions on},
title={Threads Distribution Effects on Graphics Processing Units Neutron Sensitivity},
year={2013},
month={Dec},
volume={60},
number={6},
pages={4220-4225},
doi={10.1109/TNS.2013.2286970},
ISSN={0018-9499},
}

@article{seifert2002,
  title={Impact of scaling on soft-error rates in commercial microprocessors},
  author={Seifert, Norbert and Zhu, Xiaowei and Massengill, Lloyd W},
  journal={Nuclear Science, IEEE Transactions on},
  volume={49},
  number={6},
  pages={3100--3106},
  year={2002},
  publisher={IEEE}
}

@ARTICLE{Lindholm2008,
author={Lindholm, E. and Nickolls, J. and Oberman, S. and Montrym, J.},
journal={Micro, IEEE},
title={NVIDIA Tesla: A Unified Graphics and Computing Architecture},
year={2008},
month={March},
volume={28},
number={2},
pages={39-55},
doi={10.1109/MM.2008.31},
ISSN={0272-1732},
}

@ARTICLE{Huang1984,
author={Kuang-Hua Huang and Abraham, J.A.},
journal={Computers, IEEE Transactions on},
title={Algorithm-Based Fault Tolerance for Matrix Operations},
year={1984},
month={June},
volume={C-33},
number={6},
pages={518-528},
doi={10.1109/TC.1984.1676475},
ISSN={0018-9340},
}


@misc{cublas,
    title={{uBLAS Library User Guide}},
    author={NVIDIA},
    year={2014},
howpublished = {\url{http://docs.nvidia.com/cuda/pdf/CUBLAS_Library.pdf}}

}

@misc{nvidia_k20,
    title={{NVIDIA Kepler K20 GPU Datasheet}},
    author={NVIDIA},
    year={2012},
}

@misc{Mitra2012,
    title={{System-Level Single-Event Effects}},
    author={Subhasish Mitra},
    year={2010},
    howpublished={IEEE Nuclear and Space Radiation Effects Conference, NSREC 2012 Short Course},
}


@book{Kirk,
  title={Programming massively parallel processors: a hands-on approach},
  author={Kirk, David B and Wen-mei, W Hwu},
  year={2012},
  publisher={Morgan Kaufmann}
}

@conference{Date2014,
	title = {GPGPUs: How to Combine High Computational Power with High Reliability},
	booktitle = {2014 Design Automation and Test in Europe Conference and Exhibition},
	year = {2014},
	address = {Dresden, Germany},
	author = {L. A. Bautista Gomez and Franck Cappello and L. Carro and N. DeBardeleben and B. Fang and S. Gurumurthi and S. Keckler and K. Pattabiraman and R. Rech and M. Sonza Reorda}
}



@conference{FTXS2014,
    author={D. A. G. Oliveira and C.B. Lunardi and L. L. Pilla and P. Rech  and P. O. A. Navaux and L. Carro}, 
    title={{Radiation Sensitivity of High Performance Computing Applications on Kepler-Based GPGPUs}},
    booktitle={International Workshop on Fault Tolerance for HPC at eXtreme Scale (FTXS 2014), co-located with IEEE International Conference on Dependable Systems and
        Networks (DSN 2014)},
    year={2014},
    address={Atlanta, USA},
}


@incollection{GPUBehaviorLANL,
year={2014},
isbn={978-3-642-54419-4},
booktitle={Euro-Par 2013: Parallel Processing Workshops, Resilience 2013},
volume={8374},
doi={10.1007/978-3-642-54420-0_66},
title={GPU Behavior on a Large HPC Cluster},
url={http://dx.doi.org/10.1007/978-3-642-54420-0_66},
publisher={Springer Berlin Heidelberg},
keywords={graphics processing units; high performance computing;
reliability; acceptance testing; fault-tolerance; resilience; error
correction},
author={DeBardeleben, Nathan and Blanchard, Sean and Monroe, Laura and
Romero, Phil and Grunau, Daryl and Idler, Craig and Wright, Cornell},
pages={680-689},
language={English}
}



@article{goglin:hal-00731714,
  TITLE = {{KNEM: a Generic and Scalable Kernel-Assisted Intra-node MPI Communication Framework}},
  AUTHOR = {Goglin, Brice and Moreaud, St{\'e}phanie},
  URL = {https://hal.inria.fr/hal-00731714},
  JOURNAL = {{Journal of Parallel and Distributed Computing}},
  PUBLISHER = {{Elsevier}},
  VOLUME = {73},
  NUMBER = {2},
  PAGES = {176-188},
  YEAR = {2013},
  MONTH = Feb,
  DOI = {10.1016/j.jpdc.2012.09.016},
  HAL_ID = {hal-00731714},
  HAL_VERSION = {v1},
}



@misc{xpmem,
 author = {},
 title = {XPMEM - Cross Process Memory Mapping},
 howpublished = {\url{https://code.google.com/p/xpmem/}},
 }
